<record><leader>00000cas a2200000Ma 4500</leader><controlfield tag="001">10954864</controlfield><controlfield tag="008">840716d1861186umauwr ne      0    0eng d</controlfield><controlfield tag="009">330</controlfield><datafield ind1=" " ind2=" " tag="010"><subfield code="a">sn 84023706 </subfield></datafield><datafield ind1=" " ind2=" " tag="040"><subfield code="a">AQM</subfield><subfield code="c">AQM</subfield></datafield><datafield ind1="0" ind2="0" tag="245"><subfield code="a">New England meridian.</subfield></datafield><datafield ind1=" " ind2=" " tag="260"><subfield code="a">Boston, Mass. :</subfield><subfield code="b">J.B. Mansfield,</subfield></datafield><datafield ind1=" " ind2=" " tag="300"><subfield code="a">v.</subfield></datafield><datafield ind1=" " ind2=" " tag="310"><subfield code="a">Weekly</subfield></datafield><datafield ind1="0" ind2=" " tag="362"><subfield code="a">; v. 1, no. 1 (Nov. 16, 1861)- ; v. 1, no. 1 (Mar. 8, 1862)-</subfield></datafield><datafield ind1="1" ind2=" " tag="362"><subfield code="a">Began with Jan. 5, 1861 issue.</subfield></datafield><datafield ind1=" " ind2=" " tag="500"><subfield code="a">Editor: J.B. Mansfield, &lt;1861&gt;.</subfield></datafield><datafield ind1=" " ind2=" " tag="500"><subfield code="a">Published at Baltimore, Md., &lt;1862&gt;.</subfield></datafield><datafield ind1=" " ind2=" " tag="500"><subfield code="a">Initially published in large sheet format (59+ cm.). With Nov. 16, 1861, reduced to folio size (33 cm.).</subfield></datafield><datafield ind1=" " ind2=" " tag="500"><subfield code="a">"We propose to furnish our readers with a correct list of all the regiments from New England, with all the changes that take place in each, during the war."</subfield></datafield><datafield ind1=" " ind2="7" tag="655"><subfield code="a">Newspapers.</subfield><subfield code="2">rbgenr</subfield></datafield><datafield ind1=" " ind2=" " tag="752"><subfield code="a">United States</subfield><subfield code="b">Maryland</subfield><subfield code="c">Baltimore</subfield><subfield code="d">Baltimore.</subfield></datafield><datafield ind1=" " ind2=" " tag="752"><subfield code="a">United States</subfield><subfield code="b">Massachusetts</subfield><subfield code="c">Suffolk</subfield><subfield code="d">Boston.</subfield></datafield></record>